@book{GodelWang,
   title =     {"A Logical Journey: From Gödel to Philosophy"},
   author =    {Hao Wang},
   publisher = {A Bradford Book},
   isbn =      {0262231891,9780262231893},
   year =      {1997},
   series =    {},
   edition =   {},
   volume =    {},
   url =       {http://gen.lib.rus.ec/book/index.php?md5=659F7404ED7DD1D9D6FEC787E7BF2437}
}

@book{KanamoriBook,
   title =     {The higher infinite: Large cardinals in set theory from their beginnings},
   author =    {Akihiro Kanamori (auth.)},
   publisher = {Springer-Verlag Berlin Heidelberg},
   isbn =      {9783540888666,3540888667},
   year =      {2003},
   series =    {Springer Monographs in Mathematics},
   edition =   {2},
   volume =    {},
   url =       {http://gen.lib.rus.ec/book/index.php?md5=81C7F6D082BE7C25A595B1816EBCDE32}
}

@book{LevyBook,
   title =     {Basic Set Theory},
   author =    {Azriel Levy},
   publisher = {Springer},
   isbn =      {978-3-662-02310-5,978-3-662-02308-2},
   year =      {1979},
   series =    {Perspectives in Mathematical Logic},
   edition =   {},
   volume =    {},
   url =       {http://gen.lib.rus.ec/book/index.php?md5=3A2EE7DDA9F4C771FF8AC26B520BDFAA}
}

@book{LevyBookRevised,
   title =     {Basic Set Theory},
   author =    {Azriel Levy},
   publisher = {Dover Publications},
   isbn =      {0486420795,9780486420790},
   year =      {2002},
   series =    {},
   edition =   {Revised},
   volume =    {},
   url =       {http://gen.lib.rus.ec/book/index.php?md5=EFFE5E7BEE74B5A68F6768906147FC12}
}

@article{KanamoriLevy,
	doi	= {10.1016/j.apal.2005.09.009},
	title	= {Levy and set theory},
	author	= {Akihiro Kanamori},
	publisher	= {Elsevier Science},
	journal	= {Annals of Pure and Applied Logic},
	issnp	= {0168-0072},
	year	= {2006},
	volume	= {140},
	issue	= {1-3},
	page	= {233--252},
	url =       {http://gen.lib.rus.ec/scimag/index.php?s=10.1016/j.apal.2005.09.009},
}


@book{JechBook,
   title =     {Set theory},
   author =    {Thomas Jech},
   publisher = {Springer},
   isbn =      {9783540440857,3540440852},
   year =      {2006},
   series =    {Springer monographs in mathematics},
   edition =   {The 3rd millennium ed., rev. and expanded},
   volume =    {},
   url =       {http://gen.lib.rus.ec/book/index.php?md5=9104D974A236BB9FFD544B44569CE549}
}

@book{BalcarStepanek,
   title =     {Teorie Množin},
   author =    {Balcar Bohuslav, Štěpánek Petr},
   publisher = {Academia},
   isbn =      {802000470X},
   year =      {2000},
   series =    {},
   edition =   {2},
   volume =    {},
   url =       {http://gen.lib.rus.ec/book/index.php?md5=13967e804706154c472e822b0bf02400}
}


@article{Levy60a,
	title	= {Axiom Schemata of Strong Infinity in Axiomatic Set Theory},
	author	= {Lévy Azriel},
	publisher	= {Massachusetts Institute of Technology and Hebrew University, Jerusalem},
	year	= {1960},
	journal = {Pacific Journal of Mathematics},
	volume = {10},
	issue = {1},
	page = {223--238}
	
}

@article{Shapiro87,
	title	= {Principles of Reflection and Second-Order Logic},
	author	= {Shapiro, Stewart},
	year	= {1987},
	journal = { Journal of Philosophical Logic},
	volume = {16},
	issue = {3},
	page = {309--333}
	
}

@book{Kunen_independence,
   title =     {Set Theory An Introduction To Independence Proofs},
   author =    {Kenneth Kunen},
   publisher = {North Holland},
   isbn =      {0444868399,9780444868398},
   year =      {1983},
   series =    {Studies in Logic and the Foundations of Mathematics},
   edition =   {},
   volume =    {},
   url =       {http://gen.lib.rus.ec/book/index.php?md5=c5cdc7fada8bdf431f44273754b8b4a6}
}

@book{Infinity_in_mind,
   title =     {Infinity and the mind : the science and philosophy of the infinite},
   author =    {Rucker, Rudy von Bitter},
   publisher = {Princeton University Press},
   isbn =      {0-691-12127-3,978-0-691-12127-7,9781400849048,1400849047},
   year =      {2005},
   series =    {Princeton science library},
   edition =   {2005 ed},
   volume =    {},
   url =       {http://gen.lib.rus.ec/book/index.php?md5=c80ea8a0a1ca1b6c3deee055fa61624b}
}

@Misc{Mahlo11,
    Author = {P. {Mahlo}},
    Title = {{\"Uber lineare transfinite Mengen.}},
    Year = {1911},
    Language = {German},
    HowPublished = {{Leipz. Ber. 63, 187-225 (1911).}},
    Zbl = {42.0090.02}
}

@Misc{Mahlo12,
    Author = {P. {Mahlo}},
    Title = {{\"Uber lineare transfinite Mengen.}},
    Year = {1911},
    Language = {German},
    HowPublished = {{Leipz. Ber. 63, 187-225 (1911).}},
    Zbl = {42.0090.02}
}

@Misc{Mahlo13,
    Author = {P. {Mahlo}},
    Title = {{Zur Theorie und Anwendung der $\varrho_v$-Zahlen. II.}},
    Year = {1913},
    Language = {German},
    HowPublished = {{Leipz. Ber. 65, 268-282 (1913).}},
    Zbl = {44.0092.02}
}



@book{DrakeBook,
   title =     {Set theory. An introduction to large cardinals},
   author =    {Drake F.},
   publisher = {NH},
   isbn =      {0444105352,9780444105356},
   year =      {1974},
   series =    {Studies in Logic and the Foundations of Mathematics, Volume 76},
   edition =   {},
   volume =    {},
   url =       {http://gen.lib.rus.ec/book/index.php?md5=168D16562A23ACB95BE6752DDC6FFB29}
}
